<collection xmlns="http://www.loc.gov/MARC21/slim">
<record>
  <leader>01196nam0a22002531i 450 </leader>
  <controlfield tag="001">IT\ICCU\CNCE\019646</controlfield>
  <controlfield tag="005">19990528000000.0</controlfield>
  <datafield tag="012" ind1=" " ind2=" ">
    <subfield code="a">m.i. ecpa isim aptu (C) 1502 (R)</subfield>
    <subfield code="2">fei</subfield>
  </datafield>
  <datafield tag="100" ind1=" " ind2=" ">
    <subfield code="a">19970101d1502        0itac0103    ba</subfield>
  </datafield>
  <datafield tag="101" ind1=" " ind2=" ">
    <subfield code="a">LAT</subfield>
  </datafield>
  <datafield tag="102" ind1=" " ind2=" ">
    <subfield code="a">IT</subfield>
  </datafield>
  <datafield tag="200" ind1="1" ind2=" ">
    <subfield code="a">Regula beati p. nostri Francisci. Testamentum eiusdem . Constitutiones &amp; ordinationes Benedicti pape duodecimi . Mare magnum Sixti pape quarti.Regula s. Francisci, Testamentul . Const. Benedicti XII . Mare magnum Sixti IV</subfield>
  </datafield>
  <datafield tag="210" ind1=" " ind2=" ">
    <subfield code="a">Brixiae</subfield>
    <subfield code="c">per Iacobum Britannicum</subfield>
    <subfield code="d">1502</subfield>
  </datafield>
  <datafield tag="215" ind1=" " ind2=" ">
    <subfield code="a">\200! c.</subfield>
    <subfield code="d">4ʻ</subfield>
  </datafield>
  <datafield tag="620" ind1=" " ind2=" ">
    <subfield code="a">IT</subfield>
    <subfield code="d">Brescia</subfield>
  </datafield>
  <datafield tag="710" ind1="0" ind2="2">
    <subfield code="a">Francescani</subfield>
    <subfield code="3">IT\ICCU\CNCT\005533</subfield>
  </datafield>
  <datafield tag="712" ind1="0" ind2="0">
    <subfield code="a">Britannico, Giacomo</subfield>
    <subfield code="c"> &lt;1.&gt;</subfield>
    <subfield code="3">IT\ICCU\CNCT\000948</subfield>
    <subfield code="4">650</subfield>
  </datafield>
  <datafield tag="791" ind1="0" ind2="2">
    <subfield code="a">Ordo fratrum minorum</subfield>
    <subfield code="3">IT\ICCU\CNCT\005181</subfield>
    <subfield code="z">Francescani</subfield>
  </datafield>
  <datafield tag="791" ind1="0" ind2="2">
    <subfield code="a">Ordo fratrum minorum de observantia</subfield>
    <subfield code="3">15534</subfield>
    <subfield code="z">Francescani</subfield>
  </datafield>
  <datafield tag="791" ind1="0" ind2="2">
    <subfield code="a">Ordo Minorum sancti Francisci de observantia</subfield>
    <subfield code="3">15535</subfield>
    <subfield code="z">Francescani</subfield>
  </datafield>
  <datafield tag="791" ind1="0" ind2="0">
    <subfield code="a">Britannicus, Iacobus</subfield>
    <subfield code="c"> &lt;1&gt;</subfield>
    <subfield code="3">IT\ICCU\CNCT\004777</subfield>
    <subfield code="z">Britannico, Giacomo &lt;1.&gt;</subfield>
  </datafield>
  <datafield tag="801" ind1=" " ind2="3">
    <subfield code="a">IT</subfield>
    <subfield code="b">ICCU</subfield>
    <subfield code="c">20201114</subfield>
  </datafield>
  <datafield tag="899" ind1=" " ind2=" ">
    <subfield code="a">Biblioteca di S. Francesco. Bologna</subfield>
    <subfield code="1">BO0334</subfield>
    <subfield code="2">ZBO 32</subfield>
  </datafield>
  <datafield tag="899" ind1=" " ind2=" ">
    <subfield code="a">Biblioteca francescana dei SS. Apostoli. Roma</subfield>
    <subfield code="1">RM1364</subfield>
    <subfield code="2">ZRM 66</subfield>
  </datafield>
</record>
</collection>
